<record><leader>00000cas a22000001a 4500</leader><controlfield tag="001">33211533</controlfield><controlfield tag="007">hd afb---baca</controlfield><controlfield tag="007">hd bfb---baaa</controlfield><controlfield tag="008">950927d18661uuudcucr nea     0    0eng  </controlfield><datafield ind1=" " ind2=" " tag="010"><subfield code="a">sn 94095395 </subfield></datafield><datafield ind1=" " ind2=" " tag="040"><subfield code="a">DLC</subfield><subfield code="b">eng</subfield><subfield code="c">RQM</subfield><subfield code="d">OCLCQ</subfield></datafield><datafield ind1=" " ind2=" " tag="012"><subfield code="i">9509</subfield></datafield><datafield ind1=" " ind2=" " tag="042"><subfield code="a">pcc</subfield></datafield><datafield ind1="0" ind2="0" tag="050"><subfield code="a">Microfilm 51405</subfield></datafield><datafield ind1="0" ind2=" " tag="130"><subfield code="a">Great republic (Washington, D.C.)</subfield></datafield><datafield ind1="1" ind2="4" tag="245"><subfield code="a">The great republic</subfield><subfield code="h">[microform].</subfield></datafield><datafield ind1=" " ind2=" " tag="260"><subfield code="a">Washington, D.C. :</subfield><subfield code="b">Great Republic Assoc.</subfield></datafield><datafield ind1=" " ind2=" " tag="310"><subfield code="a">Semiweekly,</subfield><subfield code="b">&lt;July 26, 1867&gt;-</subfield></datafield><datafield ind1=" " ind2=" " tag="321"><subfield code="a">Weekly,</subfield><subfield code="b">&lt;Mar. 14, 1867&gt;</subfield></datafield><datafield ind1="1" ind2=" " tag="362"><subfield code="a">Began in 1866.</subfield></datafield><datafield ind1=" " ind2=" " tag="500"><subfield code="a">"The official national organ of the Grand Army of the Republic and the Union League of America."</subfield></datafield><datafield ind1=" " ind2=" " tag="588"><subfield code="a">Description based on: Vol. 1, no. 7 (Nov. 1, 1866).</subfield></datafield><datafield ind1=" " ind2=" " tag="533"><subfield code="a">Microfilm.</subfield><subfield code="m">v.1:no. 18-60 (Jan. 17-Sept. 13,1867)</subfield><subfield code="b">Washington, D.C. :</subfield><subfield code="c">Library of Congress Preservation Microfilming Program :</subfield><subfield code="c">Available from Library of Congress Photoduplication Service.</subfield><subfield code="e">microfilm reels ; 35 mm.</subfield></datafield><datafield ind1=" " ind2=" " tag="752"><subfield code="a">United States</subfield><subfield code="b">District of Columbia</subfield><subfield code="d">Washington.</subfield></datafield><datafield ind1="1" ind2=" " tag="776"><subfield code="c">Original</subfield><subfield code="w">(DLC)sn 86090943</subfield></datafield><datafield ind1=" " ind2=" " tag="850"><subfield code="a">DLC</subfield><subfield code="a">DLC (master)</subfield></datafield><datafield ind1="1" ind2=" " tag="029"><subfield code="a">AU@</subfield><subfield code="b">000024887023</subfield></datafield></record>